<record><leader>00000cas a22000007a 4500</leader><controlfield tag="001">39553628</controlfield><controlfield tag="008">980727d19uu1913caucr ne      0    0eng d</controlfield><datafield ind1=" " ind2=" " tag="010"><subfield code="a">sn 98061252 </subfield></datafield><datafield ind1=" " ind2=" " tag="040"><subfield code="a">CNK</subfield><subfield code="b">eng</subfield><subfield code="c">CNK</subfield><subfield code="d">OCLCQ</subfield><subfield code="d">OCLCF</subfield><subfield code="d">OCLCO</subfield></datafield><datafield ind1="1" ind2=" " tag="029"><subfield code="a">AU@</subfield><subfield code="b">000014122448</subfield></datafield><datafield ind1=" " ind2=" " tag="042"><subfield code="a">msc</subfield></datafield><datafield ind1=" " ind2=" " tag="043"><subfield code="a">n-us-ca</subfield></datafield><datafield ind1="0" ind2="0" tag="245"><subfield code="a">Imperial County enterprise.</subfield></datafield><datafield ind1="3" ind2=" " tag="246"><subfield code="a">Imperial enterprise</subfield></datafield><datafield ind1=" " ind2=" " tag="260"><subfield code="a">Imperial, Calif. :</subfield><subfield code="b">Victor R. Sterling</subfield></datafield><datafield ind1=" " ind2=" " tag="300"><subfield code="a">v.</subfield></datafield><datafield ind1=" " ind2=" " tag="310"><subfield code="a">Semiweekly,</subfield><subfield code="b">Apr. 12, 1912-&lt;Aug. 22, 1913&gt;</subfield></datafield><datafield ind1=" " ind2=" " tag="321"><subfield code="a">Weekly,</subfield><subfield code="b">&lt;Mar. 3, 1911&gt;-Apr. 6, 1912</subfield></datafield><datafield ind1="1" ind2=" " tag="362"><subfield code="a">Ceased in 1913.</subfield></datafield><datafield ind1=" " ind2=" " tag="500"><subfield code="a">"County" appears in smaller print above masthead logo, &lt;Mar. 3, 1911&gt;-Apr. 26, 1912.</subfield></datafield><datafield ind1=" " ind2=" " tag="588"><subfield code="a">Description based on: Vol. 3, no. 17 (Mar. 3, 1911).</subfield></datafield><datafield ind1=" " ind2="0" tag="651"><subfield code="a">Imperial County (Calif.)</subfield><subfield code="v">Newspapers.</subfield></datafield><datafield ind1=" " ind2="7" tag="655"><subfield code="a">Newspapers.</subfield><subfield code="2">fast</subfield><subfield code="0">(OCoLC)fst01423814</subfield></datafield><datafield ind1=" " ind2="7" tag="651"><subfield code="a">California</subfield><subfield code="z">Imperial County.</subfield><subfield code="2">fast</subfield><subfield code="0">(OCoLC)fst01206056</subfield></datafield><datafield ind1=" " ind2=" " tag="752"><subfield code="a">United States</subfield><subfield code="b">California</subfield><subfield code="c">Imperial</subfield><subfield code="d">Imperial.</subfield></datafield><datafield ind1="0" ind2="0" tag="785"><subfield code="t">Imperial morning enterprise</subfield><subfield code="w">(DLC)sn 98061253</subfield></datafield></record>